<record><leader>00000cas a2200000 a 4500</leader><controlfield tag="001">15104545</controlfield><controlfield tag="008">870123d19371968aluwr ne      0    0eng d</controlfield><datafield ind1=" " ind2=" " tag="010"><subfield code="a">sn 89050005 </subfield></datafield><datafield ind1=" " ind2=" " tag="040"><subfield code="a">AAA</subfield><subfield code="b">eng</subfield><subfield code="c">AAA</subfield><subfield code="d">CPN</subfield><subfield code="d">OCL</subfield><subfield code="d">OCLCQ</subfield></datafield><datafield ind1=" " ind2=" " tag="042"><subfield code="a">msc</subfield></datafield><datafield ind1="0" ind2="4" tag="245"><subfield code="a">The Lee County bulletin.</subfield></datafield><datafield ind1=" " ind2=" " tag="260"><subfield code="a">Auburn, Ala. :</subfield><subfield code="b">Lee County Bulletin,</subfield><subfield code="c">1937-1968.</subfield></datafield><datafield ind1=" " ind2=" " tag="300"><subfield code="a">v. :</subfield><subfield code="b">ill.</subfield></datafield><datafield ind1=" " ind2=" " tag="310"><subfield code="a">Weekly,</subfield><subfield code="b">&lt;June 29, 1950-Feb. 1, 1968&gt;</subfield></datafield><datafield ind1=" " ind2=" " tag="321"><subfield code="a">Weekly,</subfield><subfield code="b">&lt;Feb. 11, 1937-Oct. 27, 1949&gt;</subfield></datafield><datafield ind1=" " ind2=" " tag="321"><subfield code="a">Semiweekly,</subfield><subfield code="b">&lt;Nov. 1, 1949-June 22, 1950&gt;</subfield></datafield><datafield ind1="0" ind2=" " tag="362"><subfield code="a">Vol. 1, no. 1 (Feb. 11, 1937)-v. 32 (Feb. 1, 1968).</subfield></datafield><datafield ind1=" " ind2=" " tag="500"><subfield code="a">Editors: Neil O. Davis, 1937-1941; Eugene E. Speight, 1941-1945; Neil O. Davis, 1945-1968.</subfield></datafield><datafield ind1=" " ind2=" " tag="515"><subfield code="a">Numbering is irregular.</subfield></datafield><datafield ind1=" " ind2=" " tag="525"><subfield code="a">Includes monthly supplement: This month in rural Alabama, Nov. 1938-</subfield></datafield><datafield ind1="0" ind2=" " tag="730"><subfield code="a">This month in rural Alabama.</subfield></datafield><datafield ind1=" " ind2=" " tag="752"><subfield code="a">United States</subfield><subfield code="b">Alabama</subfield><subfield code="c">Lee</subfield><subfield code="d">Auburn.</subfield></datafield><datafield ind1="0" ind2="0" tag="785"><subfield code="t">Auburn bulletin</subfield><subfield code="w">(DLC)sn 89050006</subfield></datafield><datafield ind1="1" ind2=" " tag="029"><subfield code="a">AU@</subfield><subfield code="b">000020544115</subfield></datafield></record>